<?xml version="1.0" encoding="UTF-8"?><collection xmlns="http://www.loc.gov/MARC21/slim"><record><leader>00435nam--2200133-i-4500</leader><controlfield tag="001">000021762</controlfield><controlfield tag="002">20161230</controlfield><controlfield tag="005">20161230201034</controlfield><controlfield tag="008">060222s1000------------r-----000-0-eng-d</controlfield><datafield ind1=" " ind2=" " tag="100"><subfield code="a">Janik, J.A</subfield></datafield><datafield ind1=" " ind2=" " tag="245"><subfield code="a">Uber die streuung der thermischen neutronen in den wasserstoffenthaltenden molekulen</subfield></datafield><datafield ind1=" " ind2=" " tag="260"><subfield code="a">Krakau, Polnische Akademie Der Wissenschaften, 1960, 4p.+ 4 Fig</subfield></datafield><datafield ind1=" " ind2=" " tag="490"><subfield code="a">Reaktortagung, Rossendorf, 13-18.Vi.1960</subfield></datafield><datafield ind1=" " ind2=" " tag="852"><subfield code="a">6957</subfield></datafield></record></collection>